<record><leader>00000cas a22000007a 4500</leader><controlfield tag="001">15560357</controlfield><controlfield tag="008">870421d18911911inuwr ne      0    0eng d</controlfield><datafield ind1=" " ind2=" " tag="010"><subfield code="a">sn 87055743 </subfield></datafield><datafield ind1=" " ind2=" " tag="040"><subfield code="a">NPI</subfield><subfield code="b">eng</subfield><subfield code="c">NPI</subfield><subfield code="d">OCLCQ</subfield></datafield><datafield ind1=" " ind2=" " tag="042"><subfield code="a">msc</subfield></datafield><datafield ind1="0" ind2="4" tag="245"><subfield code="a">The Mishawaka Democrat.</subfield></datafield><datafield ind1=" " ind2=" " tag="260"><subfield code="a">Mishawaka, Ind. :</subfield><subfield code="b">William P. O'Neill</subfield></datafield><datafield ind1=" " ind2=" " tag="310"><subfield code="a">Weekly</subfield></datafield><datafield ind1="1" ind2=" " tag="362"><subfield code="a">Began with July 4, 1891 issue; ceased in 1911?</subfield></datafield><datafield ind1=" " ind2=" " tag="580"><subfield code="a">Also published in a daily ed. called: Mishawaka news, 1899-1907. Cf. Miller, J.W. Ind. newspaper bibliography.</subfield></datafield><datafield ind1=" " ind2=" " tag="588"><subfield code="a">Description based on: Vol. 6, no. 28 (Jan. 7, 1897).</subfield></datafield><datafield ind1=" " ind2=" " tag="752"><subfield code="a">United States</subfield><subfield code="b">Indiana</subfield><subfield code="c">Saint Joseph</subfield><subfield code="d">Mishawaka.</subfield></datafield><datafield ind1="1" ind2=" " tag="775"><subfield code="t">Mishawaka news</subfield></datafield><datafield ind1="1" ind2=" " tag="029"><subfield code="a">AU@</subfield><subfield code="b">000025826517</subfield></datafield></record>